%% This BibTeX bibliography file was created using BibDesk.
%% https://bibdesk.sourceforge.io/

%% Created for Dmitry Savransky at 2021-09-02 09:43:51 -0400 


%% Saved with string encoding Unicode (UTF-8) 



@article{savransky2011parameter,
	author = {Savransky, D. and Cady, E. and Kasdin, N~.J.},
	date-added = {2021-09-02 09:43:33 -0400},
	date-modified = {2021-09-02 09:43:33 -0400},
	doi = {10.1088/0004-637X/728/1/66},
	journal = {The Astrophysical Journal},
	number = {1},
	pages = {66},
	publisher = {IOP Publishing},
	title = {Parameter distributions of {K}eplerian orbits},
	volume = {728},
	year = {2011},
	Bdsk-File-1 = {YnBsaXN0MDDSAQIDBFxyZWxhdGl2ZVBhdGhZYWxpYXNEYXRhXxBZLi4vLi4vUGFwZXJzL1NhdnJhbnNreSwgQ2FkeSwgZXRhbCAyMDExIC0gUGFyYW1ldGVyIGRpc3RyaWJ1dGlvbnMgb2YgS2VwbGVyaWFuIG9yYml0cy5wZGZPEQJKAAAAAAJKAAIAAAxNYWNpbnRvc2ggSEQAAAAAAAAAAAAAAAAAAAAAAAAAQkQAAf////8fU2F2cmFuc2t5LCBDYWR5LCBlI0ZGRkZGRkZGLnBkZgAAAAAAAAAAAAAAAAAAAAAAAAAAAAAAAAAAAAAAAAAA/////wAAAAAAAAAAAAAAAAACAAIAAAogY3UAAAAAAAAAAAAAAAAABlBhcGVycwACAGsvOlVzZXJzOmRzMjY0OkRvY3VtZW50czpQYXBlcnM6U2F2cmFuc2t5LCBDYWR5LCBldGFsIDIwMTEgLSBQYXJhbWV0ZXIgZGlzdHJpYnV0aW9ucyBvZiBLZXBsZXJpYW4gb3JiaXRzLnBkZgAADgCaAEwAUwBhAHYAcgBhAG4AcwBrAHkALAAgAEMAYQBkAHkALAAgAGUAdABhAGwAIAAyADAAMQAxACAALQAgAFAAYQByAGEAbQBlAHQAZQByACAAZABpAHMAdAByAGkAYgB1AHQAaQBvAG4AcwAgAG8AZgAgAEsAZQBwAGwAZQByAGkAYQBuACAAbwByAGIAaQB0AHMALgBwAGQAZgAPABoADABNAGEAYwBpAG4AdABvAHMAaAAgAEgARAASAGlVc2Vycy9kczI2NC9Eb2N1bWVudHMvUGFwZXJzL1NhdnJhbnNreSwgQ2FkeSwgZXRhbCAyMDExIC0gUGFyYW1ldGVyIGRpc3RyaWJ1dGlvbnMgb2YgS2VwbGVyaWFuIG9yYml0cy5wZGYAABMAAS8AABUAAgAM//8AAAAIAA0AGgAkAIAAAAAAAAACAQAAAAAAAAAFAAAAAAAAAAAAAAAAAAACzg==},
	Bdsk-Url-1 = {https://doi.org/10.1088/0004-637X/728/1/66}}
